@article{CertainAnswers,
  title={Towards Reconciling SPARQL and Certain Answers},
  author={Ahmetaj, Shqiponja and Fischl, Wolfgang and Pichler, Reinhard and Šimkus, Mantas and Skritek, Sebastian},
  year={2015}
}
@article{OptMat,
  title={The Challenge of Optional Matching in SPARQL},
  author={Ahmetaj, Shqiponja and Fischl, Wolfgang and Kröll, Markus and Pichler, Reinhard and Šimkus, Mantas and Skritek, Sebastian},
  year={2016}
}
@misc{H2Adv,
  author = {H2 Database Engine},
  title = {{H2 Advanced}},
  howpublished = "\url{http://www.h2database.com/html/advanced.html}",
  year = {2016}, 
  note = "[Online; accessed 31.03.2016]"
}
@misc{HSQLGuide,
  author = {The HSQL Development Group},
  title = {{HyperSQL User Guide}},
  howpublished = "\url{http://hsqldb.org/doc/2.0/guide/index.html}",
  year = {2015}, 
  note = "[Online; accessed 31.03.2016]"
}
@misc{ApaDoc,
  author = {Apache},
  title = {{Apache Derby: Documentation}},
  howpublished = "\url{https://db.apache.org/derby/manuals/index.html}",
  year = {2015}, 
  note = "[Online; accessed 01.04.2016]"
}
@misc{AddBatch,
  author = {Oracle},
  title = {{PreparedStatement}},
  howpublished = "\url{https://docs.oracle.com/javase/8/docs/api/java/sql/PreparedStatement.html#addBatch--}",
  year = {2016}, 
  note = "[Online; accessed 06.04.2016]"
}
@book{BookInMem,
    author    = "Hasso Plattner",
    title     = "A Course in In-Memory Data Management: The Inner Mechanics of In-Memory Databases",
    year      = "2013",
    publisher = "Springer"
}